<record><leader>00000cas a2200000 a 4500</leader><controlfield tag="001">13493726</controlfield><controlfield tag="008">860425d18861932mouwr ne      0    0eng d</controlfield><datafield ind1=" " ind2=" " tag="010"><subfield code="a">sn 86066504 </subfield></datafield><datafield ind1=" " ind2=" " tag="040"><subfield code="a">KSH</subfield><subfield code="b">eng</subfield><subfield code="c">KSH</subfield><subfield code="d">NPT</subfield><subfield code="d">MQN</subfield><subfield code="d">OCL</subfield><subfield code="d">OCLCQ</subfield></datafield><datafield ind1=" " ind2=" " tag="042"><subfield code="a">msc</subfield></datafield><datafield ind1="0" ind2=" " tag="130"><subfield code="a">Craig leader (Craig, Mo. : 1886)</subfield></datafield><datafield ind1="1" ind2="4" tag="245"><subfield code="a">The Craig leader.</subfield></datafield><datafield ind1=" " ind2=" " tag="260"><subfield code="a">Craig, Holt County, Mo. :</subfield><subfield code="b">Craig Pub. Co.,</subfield><subfield code="c">1886-1932.</subfield></datafield><datafield ind1=" " ind2=" " tag="300"><subfield code="a">v. :</subfield><subfield code="b">ill. ;</subfield><subfield code="c">56 cm.</subfield></datafield><datafield ind1=" " ind2=" " tag="310"><subfield code="a">Weekly</subfield></datafield><datafield ind1="0" ind2=" " tag="362"><subfield code="a">Vol. 1, no. 1 (Oct. 15, 1886)-v. 46, no. 14 (Dec. 30, 1932).</subfield></datafield><datafield ind1=" " ind2=" " tag="752"><subfield code="a">United States</subfield><subfield code="b">Missouri</subfield><subfield code="c">Holt</subfield><subfield code="d">Craig.</subfield></datafield><datafield ind1="0" ind2="5" tag="780"><subfield code="t">Corning mirror</subfield><subfield code="w">(DLC)sn 91061111</subfield></datafield><datafield ind1="0" ind2="0" tag="785"><subfield code="t">Holt County democrat and the Craig leader</subfield><subfield code="w">(DLC)sn 89066882</subfield></datafield><datafield ind1="1" ind2=" " tag="029"><subfield code="a">AU@</subfield><subfield code="b">000022170447</subfield></datafield></record>